@book{ddta,
  author    = {G. V. V. Sharma},
  title     = {Digital Design through Arduino},
  edition   = {3rd},
  publisher = {Narayanpal Prakashan},
  year      = {2025}
}

@book{mano2013digital,
  author    = {M. Morris Mano},
  title     = {Digital Design},
  edition   = {5th},
  publisher = {Pearson},
  year      = {2013}
}

@book{malvino2017digital,
  author    = {A. Malvino and D. Leach},
  title     = {Digital Principles and Applications},
  edition   = {8th},
  publisher = {McGraw-Hill},
  year      = {2017}
}

@book{patterson2014computer,
  author    = {D. A. Patterson and J. L. Hennessy},
  title     = {Computer Organization and Design},
  edition   = {5th},
  publisher = {Morgan Kaufmann},
  year      = {2014}
}

@manual{arduino_reference,
  author    = {{Arduino Documentation}},
  title     = {Arduino Reference},
  year      = {2025},
  url       = {https://www.arduino.cc/reference/en/},
  note      = {Accessed: October 21, 2025}
}

@manual{ti7447datasheet,
  author    = {{Texas Instruments}},
  title     = {Datasheet for IC 7447},
  year      = {2025},
  url       = {https://www.ti.com/product/7447},
  note      = {Accessed: October 21, 2025}
}

